<?xml version="1.0" encoding="UTF-8"?><collection xmlns="http://www.loc.gov/MARC21/slim"><record><leader>00425nam--2200145-i-4500</leader><controlfield tag="001">000004899</controlfield><controlfield tag="002">20161230</controlfield><controlfield tag="005">20161230201026</controlfield><controlfield tag="008">060222s1000------------r-----000-0-eng-d</controlfield><datafield ind1=" " ind2=" " tag="100"><subfield code="a">Carnap, Rudolf</subfield></datafield><datafield ind1=" " ind2=" " tag="245"><subfield code="a">Introduction to symbolic logic and its applications translated by w.h.meyer</subfield></datafield><datafield ind1=" " ind2=" " tag="260"><subfield code="a">New York, Dover Publications, Inc., 1958</subfield></datafield><datafield ind1=" " ind2=" " tag="490"><subfield code="a">Xiv + 241 P</subfield></datafield><datafield ind1=" " ind2=" " tag="852"><subfield code="a">14877</subfield><subfield code="c">517.11</subfield></datafield><datafield ind1=" " ind2=" " tag="CAT"><subfield code="a">Sys</subfield><subfield code="c">20080715</subfield><subfield code="h">115334</subfield></datafield></record></collection>